
@misc{cpp-lang,
	title="Документация по Microsoft C++ [Электронный ресурс].",
	howpublished="--- Режим доступа: \url{https://learn.microsoft.com/ru-ru/cpp/?view=msvc-170&viewFallbackFrom=vs-2017} (дата обращения: 25.09.2022)."
}

@misc{cpp-lang-time,
	title="C library function clock() [Электронный ресурс].",
	howpublished="--- Режим доступа: \url{https://www.tutorialspoint.com/c_standard_library/c_function_clock.htm} (дата обращения: 25.09.2022)."
}

@misc{windows,
	title="Windows 10 Pro 2h21 64-bit  [Электронный ресурс]",
	howpublished="--- Режим доступа: \url{https://www.microsoft.com/ru-ru/software-download/windows10} (дата обращения: 25.09.2022)."
}

@misc{model,
	title="М. В. Ульянов Ресурсно-эффективные компьютерные алгоритмы. Разработка и анализ.",
    year=2007
}

@misc{ctime,
  title="Standard library header <ctime> [Электронный ресурс].",
  howpublished="--- Режим доступа: \url{https://en.cppreference.com/w/cpp/header/ctime}"
}

@misc{conv,
  title="Конвейерная обработка данных [Электронный ресурс].",
  howpublished="--- Режим доступа: \url{hhttps://studref.com/636041/ekonomika/konveyernaya_obrabotka_dannyh}"
}