@article{analysis-lev-damlev,
	author="Погорелов~Д.~А. and Таразанов~А.~М.",
	title="Сравнительный анализ алгоритмов редакционного расстояния Левенштейна и Дамерау-Левенштейна",
	journal="Синергия Наук",
	year=2019,
	url="\url{https://elibrary.ru/item.asp?id=36907767} (дата обращения 10.10.2023)."
}

@misc{cpp-lang,
	title="Документация по Microsoft C++ [Электронный ресурс].",
	howpublished="--- Режим доступа: \url{https://learn.microsoft.com/ru-ru/cpp/?view=msvc-170&viewFallbackFrom=vs-2017} (дата обращения: 25.09.2023)."
}

@misc{ctime,
  title="Standard library header <ctime> [Электронный ресурс].",
  howpublished="--- Режим доступа: \url{https://en.cppreference.com/w/cpp/header/ctime}"
}