@misc{dict,
	author="Шапошникова С.",
	title="Словари --- Лаборатория линуксоида [Электронный ресурс]",
	language="russian",
	howpublished="--- Режим доступа: \url{https://younglinux.info/python/dictionary} (дата обращения: 28.01.2023)"
}

@book{
	AI,
	author="Нильсон Н.",
	title="Искусственный интеллект. Методы поиска решений.",
	publisher="М.: Мир",
	year=1973,
	pages=273
}