@misc{fullcomb,
	title="Анализ трудоёмкости различных алгоритмических подходов для решения задачи коммивояжёра [Электронный ресурс]",
	howpublished="Режим доступа: \url{https://cyberleninka.ru/article/n/analiz-trudoemkosti-razlichnyh-algoritmicheskih-podhodov-dlya-	resheniya-zadachi-kommivoyazhera} (дата обращения: 15.12.2023)"
}

@misc{task,
	title="Исследование решения задачи коммивояжера [Электронный ресурс]",
	howpublished="Режим доступа: \url{https://cyberleninka.ru/article/n/issledovanie-resheniya-zadachi-kommivoyazhera/viewer} (дата обращения: 15.12.2023)"
}
@misc{dist,
	title="Cargo Calculator [Электронный ресурс]",
	howpublished="Режим доступа: \url{https://www.searates.com/ru/services/distances-time/} (дата обращения: 15.12.2023)"
}


@misc{pipeline,
	title="Pipeline Processing in digital logic design [Электронный ресурс]",
	howpublished="Режим доступа: \url{https://www.fullchipdesign.com/pipeline_space_time_architecture.htm} (дата обращения: 15.12.2023)"
}

@misc{test,
  title="Standard library header <ctime> [Электронный ресурс].",
  howpublished="--- Режим доступа: \url{https://en.cppreference.com/w/cpp/header/ctime}"
}

@misc{ubuntu,
	title="Pop OS 22.04 LTS [Электронный ресурс]",
	howpublished="Режим доступа: \url{https://pop.system76.com} (дата обращения: 04.09.2023)"
}

@misc{linux,
	title="Linux -- Документация [Электронный ресурс]",
	howpublished="Режим доступа: \url{https://docs.kernel.org} (дата обращения: 24.09.2023)"
}

@misc{python,
	title="Welcome to Python [Электронный ресурс]",
	howpublished="Режим доступа: \url{https://www.python.org} (дата обращения: 11.10.2023)"
}

@misc{vscode,
	title="Vscode Документация[Электронный ресурс]",
	howpublished="Режим доступа: \url{https://code.visualstudio.com/docs} (дата обращения: 24.09.2023)"
}


