@article{analysis-lev-damlev,
	author="Погорелов~Д.~А. and Таразанов~А.~М.",
	title="Сравнительный анализ алгоритмов редакционного расстояния Левенштейна и Дамерау-Левенштейна",
	journal="Синергия Наук",
	year=2019,
	url="\url{https://elibrary.ru/item.asp?id=36907767} (дата обращения 10.10.2023)."
}

@misc{cpp-lang,
	title="Документация по Microsoft C++ [Электронный ресурс].",
	howpublished="--- Режим доступа: \url{https://learn.microsoft.com/ru-ru/cpp/?view=msvc-170&viewFallbackFrom=vs-2017} (дата обращения: 25.09.2023)."
}

@misc{ctime,
  title="Standard library header <ctime> [Электронный ресурс].",
  howpublished="--- Режим доступа: \url{https://en.cppreference.com/w/cpp/header/ctime}"
}

@article{vinograd-haskell,
	author="Анисимов Н. С. and Строганов Ю. В.",
	title="Реализация умножения матриц по Винограду на языке Haskell.",
	journal="Новые информационные технологии в автоматизированных системах",
	year=2018
}
@inbook{matrix,
	author="Канатников А. Н. and Крищенко А. П.",
	title="Аналитическая геометрия. Конспект лекций.",
	publisher="",
	volume=132,
	language="russian",
	year=2009
}

@inbook{vinograd-alg,
	author="Д. Л. Головашкин",
	title="Векторные алгоритмы вычислительной линейной алгебры:
	учеб. пособие.",
	publisher="--- Самара: Изд-во Самарского университета",
	pages="28-35",
	language="russian",
	year=2019
}


@article{strassen,
	author="Лапина Н. Р. and Булатникова М. Е.",
	title="Алгоритм Штрассена для умножения матриц",
	journal="Математика и ее приложения в современной науке и практике",
	year=2014, 
	url="--- Режим доступа: \url{https://www.elibrary.ru/item.asp?id=23140890} (дата обращения 08.11.2023)."
}